<marc:record xmlns:marc="http://www.loc.gov/MARC21/slim" xmlns:xsi="http://www.w3.org/2001/XMLSchema-instance" xsi:schemaLocation="http://www.loc.gov/MARC21/slim http://www.loc.gov/standards/marcxml/schema/MARC21slim.xsd">
  <marc:leader>00000cam a2200241 a 4500</marc:leader>
  <marc:controlfield tag="001">002811929</marc:controlfield>
  <marc:controlfield tag="003">NNU</marc:controlfield>
  <marc:controlfield tag="005">20130130084108.0</marc:controlfield>
  <marc:controlfield tag="008">870402s1984    ir       d    000 0 ara d</marc:controlfield>
  <marc:datafield tag="035" ind1="9" ind2=" ">
    <marc:subfield code="a">NYUb10518924</marc:subfield>
  </marc:datafield>
  <marc:datafield tag="035" ind1=" " ind2=" ">
    <marc:subfield code="a">(CStRLIN)NYUG87-B10141</marc:subfield>
  </marc:datafield>
  <marc:datafield tag="035" ind1=" " ind2=" ">
    <marc:subfield code="a">GLIS005189245</marc:subfield>
  </marc:datafield>
  <marc:datafield tag="040" ind1=" " ind2=" ">
    <marc:subfield code="a">NjP</marc:subfield>
    <marc:subfield code="b">eng</marc:subfield>
    <marc:subfield code="c">NjP</marc:subfield>
    <marc:subfield code="d">NNU</marc:subfield>
  </marc:datafield>
  <marc:datafield tag="050" ind1="0" ind2="0">
    <marc:subfield code="a">BP133</marc:subfield>
    <marc:subfield code="b">.M84 1984</marc:subfield>
  </marc:datafield>
  <marc:datafield tag="245" ind1="0" ind2="0">
    <marc:subfield code="a">Muʻjam alfāẓ al-Qurʼān al-karīm.</marc:subfield>
  </marc:datafield>
  <marc:datafield tag="250" ind1=" " ind2=" ">
    <marc:subfield code="a">al-Ṭabʻah 2.</marc:subfield>
  </marc:datafield>
  <marc:datafield tag="260" ind1=" " ind2=" ">
    <marc:subfield code="a">Ṭihrān, Īrān :</marc:subfield>
    <marc:subfield code="b">Nāṣir Khusraw,</marc:subfield>
    <marc:subfield code="c">1363 [1984]</marc:subfield>
  </marc:datafield>
  <marc:datafield tag="300" ind1=" " ind2=" ">
    <marc:subfield code="a">2 v. ;</marc:subfield>
    <marc:subfield code="c">25 cm.</marc:subfield>
  </marc:datafield>
  <marc:datafield tag="500" ind1=" " ind2=" ">
    <marc:subfield code="a">At head of title: Majmaʻ al-Lughah al-ʻArabīyah.</marc:subfield>
  </marc:datafield>
  <marc:datafield tag="630" ind1="0" ind2="0">
    <marc:subfield code="a">Koran</marc:subfield>
    <marc:subfield code="v">Dictionaries.</marc:subfield>
  </marc:datafield>
</marc:record>
